@book{womak:lean-thinking,
    author  = {James P. Womack, Daniel T. Jones},
    title   = {Lean Thinking, Second Editon},
    publisher = {Simon \& Schuster, Inc.},
    year    = {2010}
}

@online{site:agile-manifesto,
    title   = {Manifesto Agile},
    url     = {http://agilemanifesto.org/iso/it/}
}

@online{site:HTTP-over-QUIC,
    title   = {HTTP-over-QUIC to be renamed HTTP/3 },
    url     = {https://www.zdnet.com/article/http-over-quic-to-be-renamed-http3/}
}

@online{site:Explaining-QUIC,
    title   = {Explaining QUIC - The Protocol That Is Both Very Similar to and Very Different from TCP},
    url     = {https://www.classcentral.com/course/youtube-explaining-quic-the-protocol-that-is-both-very-similar-to-and-very-different-from-tcp-by-peter-door-250927}
}

@online{site:Packet-Formats,
    title   = {QUIC: A UDP-Based Multiplexed and Secure Transport - Packet Formats},
    url     = {https://datatracker.ietf.org/doc/html/rfc9000#name-packet-formats}
}

@online{site:Long-header,
    title   = {QUIC: A UDP-Based Multiplexed and Secure Transport - Long header},
    url     = {https://datatracker.ietf.org/doc/html/rfc9000#name-long-header-packets}
}

@online{site:Short-header,
    title   = {QUIC: A UDP-Based Multiplexed and Secure Transport - Short header},
    url     = {https://datatracker.ietf.org/doc/html/rfc9000#name-short-header-packets}
}


@online{site:Packet-number,
    title   = {QUIC: A UDP-Based Multiplexed and Secure Transport - Packet Number},
    url     = {https://datatracker.ietf.org/doc/html/rfc9000#name-packet-numbers}
}

@online{site:handshake,
    title   = {The QUIC Transport Protocol: Design and Internet-Scale Deployment},
    url     = {https://dl.acm.org/doi/10.1145/3098822.3098842}
}
@online{site:quic-security,
    title   = {Il protocollo QUIC, a multiplexed transport over UDP â€“ The Chromium Project},
    url     = {https://computerscience.unicam.it/marcantoni/tesi/Il%20protocollo%20QUIC%20a%20multiplexed%20transport%20over%20UDP%20The%20Chromium%20Project.pdf}
}

@online{site:mptcp-design,
    title   = {Architectural Guidelines for Multipath TCP Development},
    url     = {https://datatracker.ietf.org/doc/html/rfc6182#section-4}
}